% Random variable generation
@misc{RobertCasela1999MonteCarloSM,
  title={Monte Carlo Statistical Methods},
  author={Robert, CP},
  year={1999},
  publisher={Springer-Verlag New York}
}

% Bootstrap methods
@book{gentle2009computational,
  title={Computational statistics},
  author={Gentle, James E},
  volume={308},
  year={2009},
  publisher={Springer}
}

% Importance sampling (échantillonnage préférentiel)
@article{tokdar2010importance,
  title={Importance sampling: a review},
  author={Tokdar, Surya T and Kass, Robert E},
  journal={Wiley Interdisciplinary Reviews: Computational Statistics},
  volume={2},
  number={1},
  pages={54--60},
  year={2010},
  publisher={Wiley Online Library}
}